% @article{DBLP:journals/eor/LayerJSF20,
%   author    = {Kevin Layer and
%                Andrew L. Johnson and
%                Robin C. Sickles and
%                Gary D. Ferrier},
%   title     = {Direction selection in stochastic directional distance functions},
%   journal   = {European Journal of Operational Research},
%   volume    = {280},
%   number    = {1},
%   pages     = {351--364},
%   year      = {2020},
%   url       = {https://doi.org/10.1016/j.ejor.2019.06.046},
%   doi       = {10.1016/j.ejor.2019.06.046},
%   timestamp = {Mon, 23 Sep 2019 17:27:03 +0200},
%   biburl    = {https://dblp.org/rec/bib/journals/eor/LayerJSF20},
%   bibsource = {dblp computer science bibliography, https://dblp.org}
% }


% @book{DBLP:books/cu/L2020,
%   author    = {Steven M. LaValle},
%   title     = {Virtual Reality},
%   publisher = {Cambridge University Press},
%   year      = {2020},
%   url       = {http://vr.cs.uiuc.edu/},
%   timestamp = {Tue, 09 Jul 2019 16:45:49 +0200},
%   biburl    = {https://dblp.org/rec/bib/books/cu/L2020},
%   bibsource = {dblp computer science bibliography, https://dblp.org}
% }


% @techreport{instance1290,
%      title = {{Mobile Systems IV}},
%      author = {Burkhard Stiller and Thomas Bocek and Fabio Hecht and Guilherme Machado and Peter Racz and Martin Waldburger},
%      group = {csg},
%      year = {2010},
%      institution = {University of Zurich, Department of Informatics},
%      month = {01},
%      Date-Added = {2010-01-11 10:05:52},
%      Date-Modified = {2010-07-22 12:08:45}
% }

@misc{WinNT,
  title = {{FORMAL DATA VALIDATION TOOL}, CLEARSY DATA SOLVER},
  howpublished = {\url{https://www.clearsy.com/en/tools/data-solver/}},
  note = {Dernier acc√®s~: 2023-05-04}
}